{
  "leader": "03133cam a2200445 a 4500",
  "fields": [
    {
      "001": "ocm19355376\\"
    },
    {
      "003": "OCoLC"
    },
    {
      "005": "20220104163855.0"
    },
    {
      "008": "890222s1989\\\\\\\\nyua\\\\\\\\\\b\\\\\\\\001\\0\\eng\\\\"
    },
    {
      "010": {
        "ind1": "\\",
        "ind2": "\\",
        "subfields": [
          {
            "a": "   89003157 "
          }
        ]
      }
    },
    {
      "040": {
        "ind1": "\\",
        "ind2": "\\",
        "subfields": [
          {
            "a": "DLC"
          },
          {
            "b": "eng"
          },
          {
            "c": "DLC"
          },
          {
            "d": "BAKER"
          },
          {
            "d": "NLGGC"
          },
          {
            "d": "BTCTA"
          },
          {
            "d": "LVB"
          },
          {
            "d": "YDXCP"
          },
          {
            "d": "GEBAY"
          },
          {
            "d": "ZWZ"
          },
          {
            "d": "GBVCP"
          },
          {
            "d": "OCLCO"
          },
          {
            "d": "TAMCT"
          },
          {
            "d": "OCLCF"
          },
          {
            "d": "OCLCQ"
          },
          {
            "d": "DEBBG"
          },
          {
            "d": "OCLCQ"
          },
          {
            "d": "CSJ"
          },
          {
            "d": "OCLCO"
          },
          {
            "d": "OCLCQ"
          },
          {
            "d": "CPO"
          },
          {
            "d": "OCLCQ"
          },
          {
            "d": "OCLCA"
          },
          {
            "d": "OCLCO"
          }
        ]
      }
    },
    {
      "019": {
        "ind1": "\\",
        "ind2": "\\",
        "subfields": [
          {
            "a": "145025242"
          },
          {
            "a": "708322747"
          },
          {
            "a": "1022748103"
          },
          {
            "a": "1166861006"
          }
        ]
      }
    },
    {
      "020": {
        "ind1": "\\",
        "ind2": "\\",
        "subfields": [
          {
            "a": "1557782245"
          }
        ]
      }
    },
    {
      "020": {
        "ind1": "\\",
        "ind2": "\\",
        "subfields": [
          {
            "a": "9781557782243"
          }
        ]
      }
    },
    {
      "035": {
        "ind1": "\\",
        "ind2": "\\",
        "subfields": [
          {
            "a": "(OCoLC)19355376"
          },
          {
            "z": "(OCoLC)145025242"
          },
          {
            "z": "(OCoLC)708322747"
          },
          {
            "z": "(OCoLC)1022748103"
          },
          {
            "z": "(OCoLC)1166861006"
          }
        ]
      }
    },
    {
      "043": {
        "ind1": "\\",
        "ind2": "\\",
        "subfields": [
          {
            "a": "n-us---"
          }
        ]
      }
    },
    {
      "050": {
        "ind1": "0",
        "ind2": "0",
        "subfields": [
          {
            "a": "HD8039.M62"
          },
          {
            "b": "U6444 1989"
          }
        ]
      }
    },
    {
      "082": {
        "ind1": "0",
        "ind2": "4",
        "subfields": [
          {
            "a": "305.9622"
          },
          {
            "b": "LON"
          }
        ]
      }
    },
    {
      "100": {
        "ind1": "1",
        "ind2": "\\",
        "subfields": [
          {
            "a": "Long, Priscilla."
          }
        ]
      }
    },
    {
      "245": {
        "ind1": "1",
        "ind2": "0",
        "subfields": [
          {
            "a": "Where the sun never shines :"
          },
          {
            "b": "a history of America's bloody coal industry /"
          },
          {
            "c": "Priscilla Long."
          }
        ]
      }
    },
    {
      "250": {
        "ind1": "\\",
        "ind2": "\\",
        "subfields": [
          {
            "a": "1st ed."
          }
        ]
      }
    },
    {
      "260": {
        "ind1": "\\",
        "ind2": "\\",
        "subfields": [
          {
            "a": "New York :"
          },
          {
            "b": "Paragon House,"
          },
          {
            "c": "1989."
          }
        ]
      }
    },
    {
      "300": {
        "ind1": "\\",
        "ind2": "\\",
        "subfields": [
          {
            "a": "xxv, 420 pages :"
          },
          {
            "b": "illustrations ;"
          },
          {
            "c": "24 cm"
          }
        ]
      }
    },
    {
      "336": {
        "ind1": "\\",
        "ind2": "\\",
        "subfields": [
          {
            "a": "text"
          },
          {
            "b": "txt"
          },
          {
            "2": "rdacontent"
          }
        ]
      }
    },
    {
      "337": {
        "ind1": "\\",
        "ind2": "\\",
        "subfields": [
          {
            "a": "unmediated"
          },
          {
            "b": "n"
          },
          {
            "2": "rdamedia"
          }
        ]
      }
    },
    {
      "338": {
        "ind1": "\\",
        "ind2": "\\",
        "subfields": [
          {
            "a": "volume"
          },
          {
            "b": "nc"
          },
          {
            "2": "rdacarrier"
          }
        ]
      }
    },
    {
      "504": {
        "ind1": "\\",
        "ind2": "\\",
        "subfields": [
          {
            "a": "Includes bibliographical references (pages 389-403) and index."
          }
        ]
      }
    },
    {
      "505": {
        "ind1": "0",
        "ind2": "\\",
        "subfields": [
          {
            "a": "Part I: Coal in America: A history of work, values, and conflict -- Coal is a rock that burns -- The turn from wood to coal: A revolution in Britain and America -- My lamp is my sun: The workplace and the work -- My father's unfailing kindness: Miners and managers in coal's preindustrial era, 1860-1880 -- The haven of justice and right is our destination: Coal miners and the Civil War -- Beaten all to smash: The rise and fall of the workingmen's benevolent association -- Pennsylvania is swarming with foreigners: Owners, workers, and methods in transformation, 1880-1890 -- A closing up of our ranks: Miners and their unions in the new era, 1880-1900 -- Part II: Coal in the American West: Catalyst of conflict and change -- Reflections at midpoint -- Capitalists, railroads, and coal: Agents in the transformation of the West -- No time to improve his intellect: Miners in the Rocky Mountain West, 1880-1903 -- We have grievous wrongs: The Colorado coal strike, 1903-1904 -- Who live like rates: Managers and miners reorganize, 1905-1913 -- The voice of the gun: The Colorado fuel and iron strike, 1913-1914 -- We are up against a stone wall: The road to defeat -- Organizing consent: The rise of corporate liberalism."
          }
        ]
      }
    },
    {
      "650": {
        "ind1": "\\",
        "ind2": "0",
        "subfields": [
          {
            "a": "Coal miners"
          },
          {
            "z": "United States"
          },
          {
            "x": "History."
          }
        ]
      }
    },
    {
      "650": {
        "ind1": "\\",
        "ind2": "0",
        "subfields": [
          {
            "a": "Coal miners"
          },
          {
            "x": "Labor unions"
          },
          {
            "z": "United States"
          },
          {
            "x": "History."
          }
        ]
      }
    },
    {
      "650": {
        "ind1": "\\",
        "ind2": "0",
        "subfields": [
          {
            "a": "Strikes and lockouts"
          },
          {
            "x": "Coal mining"
          },
          {
            "z": "United States"
          },
          {
            "x": "History."
          }
        ]
      }
    },
    {
      "650": {
        "ind1": "\\",
        "ind2": "7",
        "subfields": [
          {
            "a": "Coal miners."
          },
          {
            "2": "fast"
          },
          {
            "0": "(OCoLC)fst00865316"
          }
        ]
      }
    },
    {
      "650": {
        "ind1": "\\",
        "ind2": "7",
        "subfields": [
          {
            "a": "Coal miners"
          },
          {
            "x": "Labor unions."
          },
          {
            "2": "fast"
          },
          {
            "0": "(OCoLC)fst00865327"
          }
        ]
      }
    },
    {
      "650": {
        "ind1": "\\",
        "ind2": "7",
        "subfields": [
          {
            "a": "Strikes and lockouts"
          },
          {
            "x": "Coal mining."
          },
          {
            "2": "fast"
          },
          {
            "0": "(OCoLC)fst01135070"
          }
        ]
      }
    },
    {
      "651": {
        "ind1": "\\",
        "ind2": "7",
        "subfields": [
          {
            "a": "United States."
          },
          {
            "2": "fast"
          },
          {
            "0": "(OCoLC)fst01204155"
          }
        ]
      }
    },
    {
      "655": {
        "ind1": "\\",
        "ind2": "7",
        "subfields": [
          {
            "a": "History."
          },
          {
            "2": "fast"
          },
          {
            "0": "(OCoLC)fst01411628"
          }
        ]
      }
    },
    {
      "776": {
        "ind1": "0",
        "ind2": "8",
        "subfields": [
          {
            "i": "Online version:"
          },
          {
            "a": "Long, Priscilla."
          },
          {
            "t": "Where the sun never shines."
          },
          {
            "b": "1st ed."
          },
          {
            "d": "New York : Paragon House, 1989"
          },
          {
            "w": "(OCoLC)654532071"
          }
        ]
      }
    },
    {
      "994": {
        "ind1": "\\",
        "ind2": "\\",
        "subfields": [
          {
            "a": "Z0"
          },
          {
            "b": "NYRVC"
          }
        ]
      }
    },
    {
      "948": {
        "ind1": "\\",
        "ind2": "\\",
        "subfields": [
          {
            "h": "NO HOLDINGS IN NYRVC - 966 OTHER HOLDINGS"
          }
        ]
      }
    },
    {
      "999": {
        "ind1": "\\",
        "ind2": "\\",
        "subfields": [
          {
            "a": "00000000015902"
          }
        ]
      }
    }
  ]
}